@misc{HeavyAI,
title = {Open source library},
howpublished = {\url{https://www.heavy.ai/technical-glossary/open-source-library}},
note = {Last accessed: 2022-03-28},
year = {2022},
author = {HeavyAI}
}

@article {mob,
   author={Elliott M.S., Scacchi W.},
   title={Mobilization of software developers: the free software movement},
   journal={Information Technology & People},
   volume={21},
   year=2008,
   pages={4-33},
   doi = {10.1108/09593840810860315},
   url = {https://doi.org/10.1108/09593840810860315}
}

@misc{spice,
title = {Brief history of Open Source},
howpublished = {\url{https://spiceprogram.org/history/}},
note = {Last accessed: 2022-03-28},
year = {2018},
author = {SpiceProgram}
}

@misc{npm,
title = {What is npm?},
howpublished = {\url{https://www.w3schools.com/whatis/whatis_npm.asp}},
note = {Last accessed: 2022-03-28},
year = {2022},
author = {W3Schools}
}

@article {leap,
   author={Weichert, F. et al.},
   title={Analysis of the accuracy and robustness of the leap motion controller},
   journal={Sensors},
   volume={13},
   year=2013,
   pages={6380–6393},
   doi = {10.3390/s130506380},
   url = {https://doi.org/10.3390/s130506380}
}

@inproceedings{makey,
author = {Collective, Beginner's Mind and Shaw, David},
title = {Makey Makey: Improvising Tangible and Nature-Based User Interfaces},
year = {2012},
url = {https://doi.org/10.1145/2148131.2148219},
doi = {10.1145/2148131.2148219},
pages = {367–370},
}

@misc{leap_pic,
title = {Leap motion controller},
howpublished = {\url{https://cms.ultraleap.com/app/uploads/2020/02/lmc_03.jpg}},
note = {Last accessed: 2022-03-28},
year = {2020},
}

@misc{makey_pic,
title = {Makey makey},
howpublished = {\url{https://m.media-amazon.com/images/I/81Or74Q0RYL._AC_SL1500_.jpgl}},
note = {Last accessed: 2022-03-28},
year = {2022},

}

@misc{back,
title = {Working Backwards},
howpublished = {\url{https://www.allthingsdistributed.com/2006/11/working_backwards.html}},
note = {Last accessed: 2022-03-28},
year = {2006},
author = {Werner Vogels}
}

@misc{js,
title = {JavaScript},
howpublished = {\url{https://en.wikipedia.org/wiki/JavaScript}},
note = {Last accessed: 2022-03-28},
year = {2022},
author = {Wikipedia}
}

@misc{rtc,
title = {WebRTC API},
howpublished = {\url{https://developer.mozilla.org/en-US/docs/Web/API/WebRTC_API}},
note = {Last accessed: 2022-03-28},
year = {2022},
author = {MDN}
}

@misc{server,
title = {Taming WebRTC with PeerJS: Making a Simple P2P Web Game},
howpublished = {\url{https://www.toptal.com/webrtc/taming-webrtc-with-peerjs}},
note = {Last accessed: 2022-03-29},
year = {2022},
author = {Mahmud Ridwan}
}

@misc{rtc_use,
title = {Applications Built Using WebRTC},
howpublished = {\url{https://www.unitedworldtelecom.com/learn/webrtc-applications/}},
note = {Last accessed: 2022-03-28},
year = {2020},
author = {Miguel Isabal}
}

@misc{rtc_infra,
title = {Build the backend services needed for a WebRTC app},
howpublished = {\url{https://www.html5rocks.com/en/tutorials/webrtc/infrastructure/}},
note = {Last accessed: 2022-03-29},
year = {2020},
author = {Sam Dutton}
}

@misc{rtc_in_100,
title = {WebRTC in 100 Seconds // Build a Video Chat app from Scratch},
howpublished = {\url{https://www.youtube.com/watch?v=WmR9IMUD_CY}},
note = {Last accessed: 2022-03-29},
year = {2021},
author = {Fireship},
}
    
@misc{stun_turn,
title = {What are STUN and TURN Servers?},
howpublished = {\url{https://www.youtube.com/watch?v=4dLJmZOcWFc}},
note = {Last accessed: 2022-03-29},
year = {2020},
author = {WebRTC.ventures},

}

@misc{peerjs,
title = {The PeerJS library},
howpublished = {\url{https://peerjs.com/}},
note = {Last accessed: 2022-03-28},
year = {2022},
author = {PeerJS}
}

@misc{event,
title = {Understanding Event Emitters},
howpublished = {\url{https://css-tricks.com/understanding-event-emitters/}},
note = {Last accessed: 2022-03-29},
year = {2021},
author = {Charles Peters}
}

@misc{event2,
title = {EventEmitter2},
howpublished = {\url{https://github.com/EventEmitter2/EventEmitter2}},
note = {Last accessed: 2022-03-29},
year = {2021},
author = {EventEmitter2}
}

@inproceedings{ping_value,
author = {Claypool, Mark and Claypool, Kajal},
title = {Latency Can Kill: Precision and Deadline in Online Games},
year = {2010},
url = {https://doi.org/10.1145/1730836.1730863},
doi = {10.1145/1730836.1730863},
pages = {215–222},
}

@inproceedings{latency,
author = {Fritsch, Tobias and Ritter, Hartmut and Schiller, Jochen},
title = {The Effect of Latency and Network Limitations on MMORPGs: A Field Study of Everquest2},
year = {2005},
url = {https://doi.org/10.1145/1103599.1103623},
doi = {10.1145/1103599.1103623},
pages = {1–9},
}

@misc{ping_spike,
  title = {Lag: The Main Causes of High Ping},
  howpublished = {\url{https://wecompare.ie/ping-spikes-and-how-to-manage-lag/}},  
  note = {Last accessed: 2022-03-30},
  year={2022},
  author = {WeCompare},  
}  

@inproceedings{polling,
author = {Ham, Auejin and Lim, Junsu and Kim, Sunjun},
title = {Do We Need a Faster Mouse? Empirical Evaluation of Asynchronicity-Induced Jitter},
year = {2021},
url = {https://doi.org/10.1145/3472749.3474783},
doi = {10.1145/3472749.3474783},
pages = {743–753},
}

@misc{game_polling,
title = {Ultimate Controller Comparison},
howpublished = {\url{https://www.youtube.com/watch?v=ahsO5bhBUtk}},
note = {Last accessed: 2022-03-29},
year = {2021},
author = {RocketScience},
}








@inproceedings{Pey17,
  author    = {Simon {Peyton Jones}},
  title     = {How to Write a Great Research Paper},
  booktitle = {2017 Imperial College Computing Student Workshop, {ICCSW} 2017, September
               26-27, 2017, London, {UK}},
  pages     = {1:1--1:1},
  year      = {2017},    
  
}

@misc{UNSWWebsite,
  title = {How Do I Cite Online Sources?},
  howpublished = {\url{https://student.unsw.edu.au/how-do-i-cite-electronic-sources}},  
  note = {Last accessed: 2019-02-27},
  year={2019},
  author = {UNSW},  
}

@book{Wil09,
  title={Style: the basics of clarity and grace},
  author={Williams, Joseph M and Bizup, Joseph},
  year={2009},
  publisher={Pearson Longman}
}

@book{Pin15,
  title={The sense of style: The thinking person's guide to writing in the 21st century},
  author={Pinker, Steven},
  year={2015},
  publisher={Penguin Books}
}

@book{StrWhi07,
  title={The Elements of style},
  author={Strunk, William and Whyte, EB},
  year={2007},
  publisher={Penguin}
}

@book{Von80,
  title={How to write with style},
  author={Vonnegut, Kurt},
  year={1980},
  publisher={International Paper Company}
}

@incollection{Orw68,
  title={Politics and the {English} language},
  author={Orwell, George},
  booktitle={The collected essays, journalism and letters of George Orwell},
  pages={127--140},
  year={1968},
  publisher={Harcourt, Brace, Javanovich}
}